@book{baier_katoen_mc,
 author = {Baier, Christel and Katoen, Joost-Pieter},
 title = {Principles of Model Checking},
 year = {2008},
 isbn = {026202649X, 9780262026499},
 publisher = {The MIT Press},
 }
